<?xml version="1.0" encoding="UTF-8"?><record xmlns="http://www.loc.gov/MARC21/slim" xmlns:cinclude="http://apache.org/cocoon/include/1.0" xmlns:zs="http://www.loc.gov/zing/srw/">
  <leader>00954cz  a2200181n  4500</leader>
  <controlfield tag="001">n  78053556 </controlfield>
  <controlfield tag="003">DLC</controlfield>
  <controlfield tag="005">20120808075946.0</controlfield>
  <controlfield tag="008">780817n| acannaabn          |a ana      </controlfield>
  <datafield tag="010" ind1=" " ind2=" ">
    <subfield code="a">n  78053556 </subfield>
  </datafield>
  <datafield tag="035" ind1=" " ind2=" ">
    <subfield code="a">(OCoLC)oca00189351</subfield>
  </datafield>
  <datafield tag="040" ind1=" " ind2=" ">
    <subfield code="a">DLC</subfield>
    <subfield code="b">eng</subfield>
    <subfield code="c">DLC</subfield>
    <subfield code="d">OCoLC</subfield>
    <subfield code="d">DLC</subfield>
  </datafield>
  <datafield tag="111" ind1="2" ind2=" ">
    <subfield code="a">Vsesoi︠u︡znoe soveshchanie po vychislitelʹnym metodam lineĭnoĭ algebry</subfield>
  </datafield>
  <datafield tag="411" ind1="2" ind2=" ">
    <subfield code="a">Soveshchanie po vychislitelʹnym metodam lineĭnoĭ algebry, Vsesoi︠u︡znoe</subfield>
  </datafield>
  <datafield tag="411" ind1="2" ind2=" ">
    <subfield code="a">Vychislitelʹnym metodam lineĭnoĭ algebry, Vsesoi︠u︡znoe soveshchanie po</subfield>
  </datafield>
  <datafield tag="667" ind1=" " ind2=" ">
    <subfield code="a">THIS 1XX FIELD CANNOT BE USED UNDER RDA UNTIL THIS RECORD HAS BEEN REVIEWED AND/OR UPDATED</subfield>
  </datafield>
  <datafield tag="670" ind1=" " ind2=" ">
    <subfield code="a">Its Vychislitelʹnye metody lineĭnoĭ algebry, 1977:</subfield>
    <subfield code="b">p. 3 (Chetvertoe Vsesoi︠u︡znoe soveshchanie po vychislitelʹnym metodam lineĭnoĭ algebry)</subfield>
  </datafield>
  <datafield tag="670" ind1=" " ind2=" ">
    <subfield code="a">USSR 77</subfield>
    <subfield code="b">(Vsesoi︠u︡znoe soveshchanie po vychislitelʹnym metodam lineĭnoĭ algebry, 4-e, Novosibirsk, 1976)</subfield>
  </datafield>
</record>